@article{mordatch2017emergence,
  title={Emergence of Grounded Compositional Language in Multi-Agent Populations},
  author={Mordatch, Igor and Abbeel, Pieter},
  journal={arXiv preprint arXiv:1703.04908},
  year={2017}
}
@article{wierstra2010recurrent,
  title={Recurrent policy gradients},
  author={Wierstra, Daan and F{\"o}rster, Alexander and Peters, Jan and Schmidhuber, J{\"u}rgen},
  journal={Logic Journal of IGPL},
  volume={18},
  number={5},
  pages={620--634},
  year={2010},
  publisher={Oxford Univ Press}
}

@inproceedings{wierstra2007solving,
  title={Solving deep memory POMDPs with recurrent policy gradients},
  author={Wierstra, Daan and Foerster, Alexander and Peters, Jan and Schmidhuber, Juergen},
  booktitle={International Conference on Artificial Neural Networks},
  pages={697--706},
  year={2007},
  organization={Springer}
}
@article{williams1992simple,
  title={Simple statistical gradient-following algorithms for connectionist reinforcement learning},
  author={Williams, Ronald J},
  journal={Machine learning},
  volume={8},
  number={3-4},
  pages={229--256},
  year={1992},
  publisher={Springer}
}
@book{sutton1998reinforcement,
  title={Reinforcement learning: An introduction},
  author={Sutton, Richard S and Barto, Andrew G},
  volume={1},
  number={1}
}
@article{hochreiter1997long,
  title={Long short-term memory},
  author={Hochreiter, Sepp and Schmidhuber, J{\"u}rgen},
  journal={Neural computation},
  volume={9},
  number={8},
  pages={1735--1780},
  year={1997},
  publisher={MIT Press}
}

@article{mnih2015human,
  title={Human-level control through deep reinforcement learning},
  author={Mnih, Volodymyr and Kavukcuoglu, Koray and Silver, David and Rusu, Andrei A and Veness, Joel and Bellemare, Marc G and Graves, Alex and Riedmiller, Martin and Fidjeland, Andreas K and Ostrovski, Georg and others},
  journal={Nature},
  volume={518},
  number={7540},
  pages={529--533},
  year={2015},
  publisher={Nature Research}
}

@article{hausknecht2015deep,
  title={Deep recurrent q-learning for partially observable mdps},
  author={Hausknecht, Matthew and Stone, Peter},
  journal={arXiv preprint arXiv:1507.06527},
  year={2015}
}

@article{kingma2014adam,
  title={Adam: A method for stochastic optimization},
  author={Kingma, Diederik and Ba, Jimmy},
  journal={arXiv preprint arXiv:1412.6980},
  year={2014}
}

@inproceedings{foerster2016learning,
  title={Learning to communicate with deep multi-agent reinforcement learning},
  author={Foerster, Jakob and Assael, Yannis M and de Freitas, Nando and Whiteson, Shimon},
  booktitle={Advances in Neural Information Processing Systems},
  pages={2137--2145},
  year={2016}
}

@inproceedings{sukhbaatar2016learning,
  title={Learning multiagent communication with backpropagation},
  author={Sukhbaatar, Sainbayar and Fergus, Rob and others},
  booktitle={Advances in Neural Information Processing Systems},
  pages={2244--2252},
  year={2016}
}
@article{lazaridou2016multi,
  title={Multi-agent cooperation and the emergence of (natural) language},
  author={Lazaridou, Angeliki and Peysakhovich, Alexander and Baroni, Marco},
  journal={arXiv preprint arXiv:1612.07182},
  year={2016}
}


